% This file was created with JabRef 2.3.1.
% Encoding: Cp1252

@PREAMBLE{ "\newcommand{\noopsort}[1]{} "
# "\newcommand{\printfirst}[2]{#1} "
# "\newcommand{\singleletter}[1]{#1} "
# "\newcommand{\switchargs}[2]{#2#1} " }

@MISC{wiki:Faust,
  author = {{Wikipedia}},
  title = {{Faust --- Wikipedia{,} The Free Encyclopedia}},
  howpublished = {\url{http://en.wikipedia.org/w/index.php?title=Faust&oldid=197923584}},
  year = {2008},
  note = {[Online; accessed 13-March-2008]}
}

@article{sindre2005eliciting,
  title={Eliciting security requirements with misuse cases},
  author={Sindre, Guttorm and Opdahl, Andreas L},
  journal={Requirements engineering},
  volume={10},
  number={1},
  pages={34--44},
  year={2005},
  publisher={Springer}
}

@article{sindre2005eliciting,
  title={Eliciting security requirements with misuse cases},
  author={Sindre, Guttorm and Opdahl, Andreas L},
  journal={Requirements engineering},
  volume={10},
  number={1},
  pages={34--44},
  year={2005},
  publisher={Springer}
}


@article{alexander2003misuse,
  title={Misuse cases help to elicit non-functional requirements.},
  author={Alexander, Ian},
  journal={Computing and Control Engineering Journal},
  volume={14},
  number={1},
  pages={40--45},
  year={2003}
}

@book{fowler2004uml,
  title={UML konzentriert: eine kompakte Einf{\"u}hrung in die Standard-Objektmodellierungssprache ; [zu UML 2.0]},
  author={Fowler, M.},
  isbn={9783827321268},
  series={Programmer's choice},
  year={2004},
  publisher={Addison-Wesley}
}
